<?xml version="1.0" encoding="UTF-8"?><collection xmlns="http://www.loc.gov/MARC21/slim"><record><leader>00525nam--2200169-i-4500</leader><controlfield tag="001">000046170</controlfield><controlfield tag="002">20161230</controlfield><controlfield tag="005">20161230201045</controlfield><controlfield tag="008">060222s1000------------r-----000-0-eng-d</controlfield><datafield ind1=" " ind2=" " tag="040"><subfield code="a">IFIN-HH</subfield></datafield><datafield ind1=" " ind2=" " tag="080"><subfield code="a">413.232</subfield></datafield><datafield ind1="1" ind2=" " tag="100"><subfield code="a">Vaughan Clifford, M</subfield></datafield><datafield ind1="1" ind2="0" tag="245"><subfield code="a">Glossary of economics</subfield><subfield code="b">Including soviet terminology in english/american - french - german - russian</subfield><subfield code="c">F. and m. vaughan clifford</subfield></datafield><datafield ind1=" " ind2=" " tag="260"><subfield code="a">Amsterdam</subfield><subfield code="b">Elsevier Publishing Company</subfield><subfield code="c">1966</subfield></datafield><datafield ind1=" " ind2=" " tag="300"><subfield code="a">201 P</subfield></datafield><datafield ind1=" " ind2=" " tag="852"><subfield code="a">D.436</subfield><subfield code="c">SLG</subfield></datafield><datafield ind1=" " ind2=" " tag="CAT"><subfield code="a">Sys</subfield><subfield code="c">20130211</subfield><subfield code="h">142309</subfield></datafield></record></collection>